@inproceedings{li2019controllable,
  title={Controllable text-to-image generation},
  author={Li, Bowen and Qi, Xiaojuan and Lukasiewicz, Thomas and Torr, Philip},
  booktitle={Advances in Neural Information Processing Systems},
  pages={2063--2073},
  year={2019}
}
@inproceedings{salimans2016improved,
  title={Improved techniques for training gans},
  author={Salimans, Tim and Goodfellow, Ian and Zaremba, Wojciech and Cheung, Vicki and Radford, Alec and Chen, Xi},
  booktitle={Advances in neural information processing systems},
  pages={2234--2242},
  year={2016}
}

@techreport{WelinderEtal2010,
	Author = {P. Welinder and S. Branson and T. Mita and C. Wah and F. Schroff and S. Belongie and P. Perona},
	Institution = {California Institute of Technology},
	Number = {CNS-TR-2010-001},
	Title = {{Caltech-UCSD Birds 200}},
	Year = {2010}
}
@inproceedings{mao2018enhanced,
  title={Enhanced image decoding via edge-preserving generative adversarial networks},
  author={Mao, Qi and Wang, Shiqi and Wang, Shanshe and Zhang, Xinfeng and Ma, Siwei},
  booktitle={2018 IEEE International Conference on Multimedia and Expo (ICME)},
  pages={1--6},
  year={2018},
  organization={IEEE}
}

@article{reed2016generative,
  title={Generative adversarial text to image synthesis},
  author={Reed, Scott and Akata, Zeynep and Yan, Xinchen and Logeswaran, Lajanugen and Schiele, Bernt and Lee, Honglak},
  journal={arXiv preprint arXiv:1605.05396},
  year={2016}
}

@inproceedings{reed2016learning,
  title={Learning what and where to draw},
  author={Reed, Scott E and Akata, Zeynep and Mohan, Santosh and Tenka, Samuel and Schiele, Bernt and Lee, Honglak},
  booktitle={Advances in neural information processing systems},
  pages={217--225},
  year={2016}
}

@inproceedings{zhang2017stackgan,
  title={Stackgan: Text to photo-realistic image synthesis with stacked generative adversarial networks},
  author={Zhang, Han and Xu, Tao and Li, Hongsheng and Zhang, Shaoting and Wang, Xiaogang and Huang, Xiaolei and Metaxas, Dimitris N},
  booktitle={Proceedings of the IEEE international conference on computer vision},
  pages={5907--5915},
  year={2017}
}

@article{mansimov2015generating,
  title={Generating images from captions with attention},
  author={Mansimov, Elman and Parisotto, Emilio and Ba, Jimmy Lei and Salakhutdinov, Ruslan},
  journal={arXiv preprint arXiv:1511.02793},
  year={2015}
}
@article{zhang2018stackgan++,
  title={Stackgan++: Realistic image synthesis with stacked generative adversarial networks},
  author={Zhang, Han and Xu, Tao and Li, Hongsheng and Zhang, Shaoting and Wang, Xiaogang and Huang, Xiaolei and Metaxas, Dimitris N},
  journal={IEEE transactions on pattern analysis and machine intelligence},
  volume={41},
  number={8},
  pages={1947--1962},
  year={2018},
  publisher={IEEE}
}
@inproceedings{xu2018attngan,
  title={Attngan: Fine-grained text to image generation with attentional generative adversarial networks},
  author={Xu, Tao and Zhang, Pengchuan and Huang, Qiuyuan and Zhang, Han and Gan, Zhe and Huang, Xiaolei and He, Xiaodong},
  booktitle={Proceedings of the IEEE conference on computer vision and pattern recognition},
  pages={1316--1324},
  year={2018}
}

@inproceedings{johnson2018image,
  title={Image generation from scene graphs},
  author={Johnson, Justin and Gupta, Agrim and Fei-Fei, Li},
  booktitle={Proceedings of the IEEE conference on computer vision and pattern recognition},
  pages={1219--1228},
  year={2018}
}

@inproceedings{hong2018inferring,
  title={Inferring semantic layout for hierarchical text-to-image synthesis},
  author={Hong, Seunghoon and Yang, Dingdong and Choi, Jongwook and Lee, Honglak},
  booktitle={Proceedings of the IEEE Conference on Computer Vision and Pattern Recognition},
  pages={7986--7994},
  year={2018}
}
@article{lukasiewicz2019controllable,
  title={Controllable Text- to- Image Generation},
  author={Lukasiewicz, Thomas},
  year={2019}
}

@article{devlin2018bert,
  title={Bert: Pre-training of deep bidirectional transformers for language understanding},
  author={Devlin, Jacob and Chang, Ming-Wei and Lee, Kenton and Toutanova, Kristina},
  journal={arXiv preprint arXiv:1810.04805},
  year={2018}
}

@inproceedings{pennington2014glove,
  author = {Jeffrey Pennington and Richard Socher and Christopher D. Manning},
  booktitle = {Empirical Methods in Natural Language Processing (EMNLP)},
  title = {GloVe: Global Vectors for Word Representation},
  year = {2014},
  pages = {1532--1543},
  url = {http://www.aclweb.org/anthology/D14-1162},
}

@article{li2020image,
  title={Image-to-Image Translation with Text Guidance},
  author={Li, Bowen and Qi, Xiaojuan and Torr, Philip HS and Lukasiewicz, Thomas},
  journal={arXiv preprint arXiv:2002.05235},
  year={2020}
}

@book{bird2009natural,
  title={Natural language processing with Python: analyzing text with the natural language toolkit},
  author={Bird, Steven and Klein, Ewan and Loper, Edward},
  year={2009},
  publisher={" O'Reilly Media, Inc."}
}

@inproceedings{wang2016learning,
  title={Learning deep structure-preserving image-text embeddings},
  author={Wang, Liwei and Li, Yin and Lazebnik, Svetlana},
  booktitle={Proceedings of the IEEE conference on computer vision and pattern recognition},
  pages={5005--5013},
  year={2016}
}